@misc{article1,
    howpublished = {{https://oda.oslomet.no/oda-xmlui/handle/10642/3189}},
    author       = {Brattedrud A., Walla A-A., Haugerud H.},
    title        = {{IncludeOS: A minimal, resource efficient uniker-nel for cloud services}}

}

@misc{article2,
	howpublished = {{https://mort.io/publications/pdf/asplos13-unikernels.pdf}},
	author       = {Anil Madhavapeddy, Richard Mortier, Charalampos Rotsos},
	title        = {{Unikernels: Library Operating Systems for the Cloud}}
}

@misc{article3,
    howpublished = {{https://dl.acm.org/doi/10.1145/3132747.3132763}},
    author       = {{Filipe Manco, Florian Schmidt, Costin Raiciu, Felipe Huici}},
    title        = {{My VM is Lighter (and Safer) than your Container}}
}

@misc{ocaml,
	howpublished = {{https://ocaml.org/}},
	author       = {OCaml Community},
	title        = {{OCaml official website}}
}

@misc{SerenityOS,
    howpublished = {{https://serenityos.org/}},
    author       = {{Andreas Kling, SerenityOS Community}},
    title        = {{SerenityOS official website}}
}
